<?xml version="1.0" encoding="UTF-8"?><record xmlns="http://www.loc.gov/MARC21/slim" xmlns:cinclude="http://apache.org/cocoon/include/1.0" xmlns:zs="http://www.loc.gov/zing/srw/">
  <leader>00420nz  a2200133n  4500</leader>
  <controlfield tag="001">no2008068214</controlfield>
  <controlfield tag="003">DLC</controlfield>
  <controlfield tag="005">20080508080436.0</controlfield>
  <controlfield tag="008">080506n| acannaabn          |n aaa     c</controlfield>
  <datafield tag="010" ind1=" " ind2=" ">
    <subfield code="a">no2008068214</subfield>
  </datafield>
  <datafield tag="035" ind1=" " ind2=" ">
    <subfield code="a">(OCoLC)oca07762466</subfield>
  </datafield>
  <datafield tag="040" ind1=" " ind2=" ">
    <subfield code="a">NIC</subfield>
    <subfield code="b">eng</subfield>
    <subfield code="c">NIC</subfield>
  </datafield>
  <datafield tag="100" ind1="0" ind2=" ">
    <subfield code="a">Nguyên Minh,</subfield>
    <subfield code="d">1941-</subfield>
  </datafield>
  <datafield tag="670" ind1=" " ind2=" ">
    <subfield code="a">Tưởng chừng đã quên, 2007:</subfield>
    <subfield code="b">t.p. (Nguyên Minh) p. 3 of cover, flap (b.1941; tại Phan Rang, Ninh Thuận)</subfield>
  </datafield>
</record>